% This file was created with Citavi 6.7.0.0

@online{2021,
 author = {o.V.},
 title = {Systemlandschaftsvarianten - SAP Help Portal},
 url = {https://help.sap.com/viewer/6522d0462aeb4909a79c3462b090ec51/7.5.6/de-DE/a861c3aa076743ea8dd031aae32aca1f.html},
 urldate = {2021-11-08},
 abstract = {Beim Einsatz von Enterprise Search entscheidet die genutzte Datenbank, ob ein zus{\"a}tzliches System mit Such-Technologie parallel zum SAP-System betrieben werden muss.}
}


@online{ABAPKD,
 title = {ABAP Keyword Dokumentation},
 url = {https://help.sap.com/doc/abapdocu_752_index_htm/7.52/en-US/index.htm},
 urldate = {2021-11-08},
 abstract = {},
 organization = {{SAP AG}},
 subtitle = {ABAP Programming Langugage - Overview}
}


@online{ADSESPEC,
 title = {Advanced Search Specifications},
 url = {https://influence.sap.com/sap/ino/#/idea/258640},
 urldate = {2021-11-17},
 abstract = {},
 organization = {{SAP SE}},
 subtitle = {New Search Criteria Changed By and Changed At}
}


@book{BARTSCH2015,
 author = {Bartsch, Stefan},
 year = {2015},
 title = {Ein Referenzmodell zum Wertbeitrag der IT},
 publisher = {{Springer Fachmedien Wiesbaden}},
 isbn = {978-3-658-09299-3},
 location = {Wiesbaden},
 abstract = {},
 doi = {10.1007/978-3-658-09300-6},
 file = {7e795225-38be-4374-adc1-ea43bcf521c6:C\:\\Users\\I538902\\AppData\\Local\\Swiss Academic Software\\Citavi 6\\ProjectCache\\z6lbl8azvnuwlcsjccf8v9vsedfdyg1v89hvdvr3f3lkj8\\Citavi Attachments\\7e795225-38be-4374-adc1-ea43bcf521c6.pdf:pdf}
}


@article{BECKER2004,
 author = {Becker, J{\"o}rg and Knackstedt, Ralf},
 year = {2004},
 title = {Referenzmodellierung im Data-Warehousing --- State-of-the-Art und konfigurative Ans{\"a}tze f{\"u}r die Fachkonzeption},
 pages = {39--49},
 pagination = {page},
 volume = {46},
 issn = {0937-6429},
 journaltitle = {Wirtschaftsinformatik},
 shortjournal = {Wirtschaftsinf},
 doi = {10.1007/BF03250994},
 number = {1},
 abstract = {},
 file = {0e4a9efd-3f9f-496d-b25e-c345af1f2f6b:C\:\\Users\\I538902\\AppData\\Local\\Swiss Academic Software\\Citavi 6\\ProjectCache\\z6lbl8azvnuwlcsjccf8v9vsedfdyg1v89hvdvr3f3lkj8\\Citavi Attachments\\0e4a9efd-3f9f-496d-b25e-c345af1f2f6b.pdf:pdf},
 note = {PII:  BF03250994}
}


@online{CCP,
 title = {SAP Customer Connection},
 url = {https://influence.sap.com/sap/ino/#/campaign/2452},
 urldate = {2021-11-08},
 abstract = {},
 organization = {{SAP SE}},
 subtitle = {ERP PLM 2021 - Product Lifecycle Data Management}
}


@online{CIP2021,
 title = {Customer Influence Program},
 url = {https://www.sap.com/about/customer-involvement/influence-adopt.sap-customer-connection.html?sort=latest_desc#programs},
 urldate = {2021-10-23},
 abstract = {},
 organization = {{SAP SE}}
}


@online{ES,
 title = {SAP Help Portal: Enterprise Search},
 url = {https://help.sap.com/viewer/6522d0462aeb4909a79c3462b090ec51/7.5.6/de-DE/773d61cec12a4c1088d78ac909b9abb4.html},
 urldate = {2021-11-08},
 abstract = {},
 organization = {{SAP SE}}
}


@online{ESBWA,
 title = {SAP Help Portal: ES Architektur der TREX/BWA-basierten Variante 2},
 url = {https://help.sap.com/viewer/6522d0462aeb4909a79c3462b090ec51/7.5.6/de-DE/8abdf3bbd77646d685d291c9e6a60f50.html},
 urldate = {2021-11-08},
 abstract = {},
 organization = {{SAP SE}}
}


@online{ESHANA,
 title = {SAP Help Portal: ES Architektur der SAP HANA-basierten Variante 1},
 url = {https://help.sap.com/viewer/6522d0462aeb4909a79c3462b090ec51/7.5.6/de-DE/231d99d4a64847489857a591e61b1507.html},
 urldate = {2021-11-08},
 abstract = {},
 organization = {{SAP SE}}
}


@online{EST,
 title = {SAP Help Portal: Enterprise-Search-Terminologie},
 url = {https://help.sap.com/viewer/6522d0462aeb4909a79c3462b090ec51/7.5.6/de-DE/e7d19c24b5994432890ee1d64d137e26.html},
 urldate = {2021-11-08},
 abstract = {},
 organization = {{SAP SE}}
}


@online{ESV,
 title = {SAP Help Portal: ES Systemlandschaftsvarianten},
 url = {https://help.sap.com/viewer/6522d0462aeb4909a79c3462b090ec51/7.5.6/de-DE/a861c3aa076743ea8dd031aae32aca1f.html},
 urldate = {2021-11-08},
 abstract = {},
 organization = {{SAP SE}}
}


@book{GAHM2016,
 author = {Gahm, Hermann and Schneider, Thorsten and Swanepoel, Christiaan and Westenberger, Eric},
 year = {2016},
 title = {ABAP-Entwicklung mit SAP HANA},
 edition = {2., aktualisierte und erweiterte Auflage},
 publisher = {{Rheinwerk Verlag GmbH}},
 isbn = {3836236613},
 language = {ger},
 location = {Bonn},
 series = {SAP press},
 abstract = {},
 pagetotal = {653},
 note = {Gahm, Hermann (VerfasserIn)

Schneider, Thorsten (VerfasserIn)

Swanepoel, Christiaan (VerfasserIn)

Westenberger, Eric (VerfasserIn)},
 organization = {{Galileo Press}},
 file = {http://deposit.d-nb.de/cgi-bin/dokserv?id=5337018&prov=M&dok_var=1&dok_ext=htm},
 file = {http://d-nb.info/1074838459/04}
}


@book{HARS1994,
 author = {Hars, Alexander},
 year = {1994},
 title = {Referenzdatenmodelle},
 url = {https://ebookcentral.proquest.com/lib/kxp/detail.action?docID=6586178},
 publisher = {{Springer Gabler. in Springer Fachmedien Wiesbaden GmbH}},
 isbn = {9783322903976},
 subtitle = {Grundlagen Effizienter Datenmodellierung},
 language = {ger},
 location = {Wiesbaden},
 series = {Schriften Zur EDV-Orientierten Betriebswirtschaft Ser},
 abstract = {},
 pagetotal = {278},
 note = {Hars, Alexander (VerfasserIn)}
}


@book{HOFFMANN2006,
 author = {Hoffmann, Ulli},
 year = {2006},
 title = {Praxisbuch Web Dynpro for ABAP},
 edition = {1. Aufl.},
 publisher = {{Galileo Press}},
 isbn = {3898426904},
 subtitle = {Einf{\"u}hrung in die Grundlagen, Architektur und Konfiguration des Web-Dynpro-Frameworks ; detaillierte Anleitungen zur Entwicklung dynamischer und wiederverwendbarer UI-Komponeneten ; praxisorientierte L{\"o}sungen mit zahlreichen Codebeispoelen, Screenschots und Tipps},
 language = {ger},
 location = {Bonn},
 series = {SAP press},
 abstract = {},
 pagetotal = {389},
 file = {http://deposit.dnb.de/cgi-bin/dokserv?id=2797809&prov=M&dok_var=1&dok_ext=htm},
 file = {http://d-nb.info/979439655/04},
 file = {http://media.obvsg.at/AC05674250-1001},
 file = {http://www.sap-press.de/katalog/buecher/titel/gp/titelID-1077?GalileoSession=67537763A2-rDw.Zt8A}
}


@book{KELLER2015,
 author = {Keller, Horst and Kr{\"u}ger, Sascha},
 year = {2015},
 title = {ABAP Objects},
 edition = {3. aktualisierte und erweiterte Auflage, 7. korrigierter Nachdruck},
 publisher = {Rheinwerk},
 isbn = {9783898423588},
 subtitle = {ABAP-Programmierung mit SAP NetWeaver},
 language = {ger},
 location = {Bonn},
 abstract = {},
 pagetotal = {1147},
 note = {Keller, Horst (VerfasserIn)

Kr{\"u}ger, Sascha (VerfasserIn)

Keller, Horst (VerfasserIn)

Kr{\"u}ger, Sascha (VerfasserIn)}
}


@collection{KRCMAR2015,
 year = {2015},
 title = {Informationsmanagement},
 publisher = {{Springer Berlin Heidelberg}},
 isbn = {978-3-662-45862-4},
 editor = {Krcmar, Helmut},
 abstract = {},
 doi = {10.1007/978-3-662-45863-1},
 location = {Berlin, Heidelberg},
 file = {83467b05-2274-453e-91e4-0018f9503b6e:C\:\\Users\\I538902\\AppData\\Local\\Swiss Academic Software\\Citavi 6\\ProjectCache\\z6lbl8azvnuwlcsjccf8v9vsedfdyg1v89hvdvr3f3lkj8\\Citavi Attachments\\83467b05-2274-453e-91e4-0018f9503b6e.pdf:pdf}
}


@book{NET310,
 author = {o.V.},
 year = {2010},
 title = {NET310 Grundlagen des Web Dynpro ABAP},
 publisher = {{SAP AG}},
 subtitle = {SAP NetWeaver},
 abstract = {}
}


@online{NetWeaverES,
 title = {SAP Help Portal: SAP NetWeaver Enterprise Search},
 url = {https://help.sap.com/viewer/6522d0462aeb4909a79c3462b090ec51/7.5.6/de-DE/7c169c40f7894643b823dde77067c375.html},
 urldate = {2021-11-18},
 abstract = {},
 organization = {{SAP SE}}
}


@online{NoteCCP2021,
 title = {Note: 2636178 Customer Connection ERP PLM},
 url = {https://launchpad.support.sap.com/#/notes/2636178},
 urldate = {2021-11-08},
 abstract = {},
 organization = {{SAP SE}}
}


@online{ReleaseNoteES,
 title = {Release notes for SAP Enterprise Search 7.50 in SAP Fiori},
 url = {https://launchpad.support.sap.com/#/notes/2222130},
 urldate = {2021-11-08},
 abstract = {},
 organization = {{SAP SE}}
}


@book{S4D400,
 author = {o.V.},
 year = {2020},
 title = {S4D400 Einf{\"u}hrung in die ABAP Programmierung f{\"u}r SAP S/4HANA},
 publisher = {{SAP SE}},
 subtitle = {Version11 - Teilnehmerhandbuch},
 abstract = {}
}


@book{SAP01,
 author = {o.V.},
 year = {2017},
 title = {SAP01 SAP {\"U}berblick},
 publisher = {{SAP SE}},
 subtitle = {Version03 - Teilnehmerhandbuch},
 abstract = {}
}


@book{SAPTEC,
 author = {o.V.},
 year = {2019},
 title = {SAPTEC Technologische Grundlagen f{\"u}r SAP S/4Hana und SAP Business Suite},
 publisher = {{SAP SE}},
 subtitle = {Version20 - Teilnehmerhandbuch},
 abstract = {}
}


@book{SCHMID2015,
 author = {Schmid, Christian N.},
 year = {2015},
 title = {Referenzprozessmodell zur Steuerung der Entwicklung von IT-enabled Business Innovations in der Versicherung},
 publisher = {{Springer Fachmedien Wiesbaden}},
 isbn = {978-3-658-08281-9},
 location = {Wiesbaden},
 abstract = {},
 doi = {10.1007/978-3-658-08282-6},
 file = {92a42cfd-10d1-46d0-b142-ab98a537d47f:C\:\\Users\\I538902\\AppData\\Local\\Swiss Academic Software\\Citavi 6\\ProjectCache\\z6lbl8azvnuwlcsjccf8v9vsedfdyg1v89hvdvr3f3lkj8\\Citavi Attachments\\92a42cfd-10d1-46d0-b142-ab98a537d47f.pdf:pdf}
}


@online{Suchmodell,
 title = {SAP Help Portal: Such- und Analysemodelle anlegen},
 url = {https://help.sap.com/viewer/6522d0462aeb4909a79c3462b090ec51/7.5.6/de-DE/9171a7e07a15423c971f5c9c7c4b6752.html},
 urldate = {2021-11-11},
 abstract = {},
 organization = {{SAP SE}}
}


@book{VOMBROCKE2018,
 author = {{vom brocke}, Jan and Fettke, Peter},
 year = {2018},
 title = {Referenzmodellierung-Enzyklopaedie-der-Wirtschaftsinformatik},
 url = {https://www.researchgate.net/profile/Jan-Vom-Brocke/publication/322289374_Referenzmodellierung_-_Enzyklopaedie_der_Wirtschaftsinformatik/links/5a50bc260f7e9bbc105404b3/Referenzmodellierung-Enzyklopaedie-der-Wirtschaftsinformatik.pdf},
 urldate = {2021-10-18},
 abstract = {},
 pagetotal = {7},
 file = {080825b6-4991-48c5-af79-ed6c412493d7:C\:\\Users\\I538902\\AppData\\Local\\Swiss Academic Software\\Citavi 6\\ProjectCache\\z6lbl8azvnuwlcsjccf8v9vsedfdyg1v89hvdvr3f3lkj8\\Citavi Attachments\\080825b6-4991-48c5-af79-ed6c412493d7.pdf:pdf}
}


@online{WDABAP,
 title = {SAP Help Portal: Web Dynpro ABAP},
 url = {https://help.sap.com/viewer/1098eddc6c53101498c2a7b67dc49056/7.0.38/de-DE/474575fc80f81962e10000000a114a6b.html},
 urldate = {2021-11-08},
 abstract = {},
 organization = {{SAP SE}}
}


